% książki
@book{bib:ts-fain-2019,
  author    = {Yakov Fain, Anton Moiseev},
  title     = {Angular. Programowanie z użyciem języka TypeScript. Wydanie II},
  publisher = {Helion},
  year      = {2019}
}

@book{bib:spring-walls-2019,
  author    = {Craig Walls},
  title     = {Spring w akcji. Wydanie V},
  publisher = {Helion},
  year      = {2019}
}

% źródła online
@online{bib:mszutiak,
  author  = {Marian Szutiak},
  title   = {Polski komunikator skończył 23 lata i wciąż działa},
  url     = {https://www.telepolis.pl/wiadomosci/aplikacje/gadu-gadu-polski-komunikator-23-lata-urodziny},
  urldate = {2023-01-05}
}

@online{bib:vscode,
  author  = {Microsoft},
  title   = {Visual Studio Code - Getting Started},
  url     = {https://code.visualstudio.com/docs},
  urldate = {2023-12-26}
}

@online{bib:intellij-idea,
  author  = {JetBrains},
  title   = {IntelliJ IDEA - the Leading Java and Kotlin IDE},
  url     = {https://www.jetbrains.com/idea},
  urldate = {2023-12-26}
}

@online{bib:intellij-datagrip,
  author  = {JetBrains},
  title   = {DataGrip - Many databases, one tool},
  url     = {https://www.jetbrains.com/datagrip},
  urldate = {2023-12-26}
}

@online{bib:git-history,
  author  = {Git},
  title   = {Getting Started - A Short History of Git},
  url     = {https://git-scm.com/book/en/v2/Getting-Started-A-Short-History-of-Git},
  urldate = {2023-12-26}
}

@online{bib:git-overview,
  author  = {Git},
  title   = {Getting Started - What is Git?},
  url     = {https://git-scm.com/book/en/v2/Getting-Started-What-is-Git},
  urldate = {2023-12-26}
}

@online{bib:docker-overview,
  author  = {Docker},
  title   = {Get started overview},
  url     = {https://docs.docker.com/get-started/overview},
  urldate = {2023-12-26}
}

@online{bib:spring-cloud-netflix,
  author  = {VMware},
  title   = {Spring Cloud Netflix},
  url     = {https://spring.io/projects/spring-cloud-netflix},
  urldate = {2023-12-26}
}

@online{bib:kafka-overview,
  author  = {Damian Suchodolski},
  title   = {Apache Kafka - opis działania i zastosowania},
  url     = {https://bulldogjob.pl/readme/apache-kafka-opis-dzialania-i-zastosowania},
  urldate = {2023-12-27}
}

@online{bib:kafka-req-reply,
  author  = {Björn Beskow},
  title   = {Synchronous Request-Reply using Apache Kafka},
  url     = {https://callistaenterprise.se/blogg/teknik/2018/10/26/synchronous-request-reply-over-kafka},
  urldate = {2023-12-27}
}

@online{bib:mdn-websockets,
  author  = {Mozilla},
  title   = {MDN - The WebSocket API (WebSockets)},
  url     = {https://developer.mozilla.org/en-US/docs/Web/API/WebSockets_API},
  urldate = {2023-12-27}
}

@online{bib:stomp,
  author  = {Stomp},
  title   = {Stomp},
  url     = {https://stomp.github.io},
  urldate = {2023-12-27}
}

@online{bib:redis,
  author  = {Redis},
  title   = {About Redis database},
  url     = {https://www.postgresql.org/about},
  urldate = {2023-12-26}
}

@online{bib:cassandra-overview,
  author  = {Apache},
  title   = {What is Apache Cassandra},
  url     = {https://cassandra.apache.org},
  urldate = {2023-12-27}
}

@online{bib:cassandra-data,
  author  = {VMware},
  title   = {Accessing Data with Cassandra},
  url     = {https://spring.io/guides/gs/accessing-data-cassandra},
  urldate = {2023-12-26}
}

@online{bib:cassandra-clustering,
  author  = {ScyllaDB},
  title   = {Cassandra Clustering Key},
  url     = {https://www.scylladb.com/glossary/cassandra-clustering-key},
  urldate = {2023-12-27}
}

@online{bib:saga,
  author  = {MSDN},
  title   = {Wzorzec transakcji rozproszonych SAGA},
  url     = {https://learn.microsoft.com/pl-pl/azure/architecture/reference-architectures/saga/saga},
  urldate = {2023-12-27}
}

@online{bib:real-time-app-scaling,
  author  = {İzzet Kiliç},
  title   = {Scaling Real-Time Communication: Unleashing the Potential with Spring, WebSocket, and RabbitMQ Integration},
  url     = {https://medium.com/yildiztech/scaling-real-time-communication-unleashing-the-potential-with-spring-websocket-and-rabbitmq-99e69b8c1a89},
  urldate = {2023-12-27}
}

@online{bib:cluster-definition,
  author  = {Princeton Research Computing},
  title   = {What is a cluster?},
  url     = {https://researchcomputing.princeton.edu/faq/what-is-a-cluster},
  urldate = {2023-12-27}
}

@online{bib:scaling-types,
  author  = {ArubaCloud},
  title   = {Skalowanie horyzontalne oraz/lub wertykalne},
  url     = {https://kb.arubacloud.pl/pl/computing/projektowanie-datacenter/skalowanie-horyzontalne-oraz-lub-wertykalne.aspx},
  urldate = {2023-12-26}
}

@online{bib:transpiling,
  author  = {Ewa Klimowicz},
  title   = {Transpilacja w programowaniu. Zastosowania i wyzwania},
  url     = {https://enterthecode.pl/praca-w-it/transpilacja-w-programowaniu-zastosowania-i-wyzwania},
  urldate = {2023-12-27}
}

@online{bib:validation-and-sanitation,
  author  = {Ron McFarland},
  title   = {Secure Coding: Input Validation and Data Sanitation},
  url     = {https://highervista.medium.com/secure-coding-input-validation-and-data-sanitation-9d16fb14c94d},
  urldate = {2024-01-05}
}

@online{bib:kafka-cluster-image,
  url     = {https://www.tutorialspoint.com/apache_kafka/images/cluster_architecture.jpg},
  urldate = {2023-12-27}
}
